<record><leader>00000cas a22000007a 4500</leader><controlfield tag="001">31282055</controlfield><controlfield tag="008">941014d1882188uctuwr ne      0    0eng d</controlfield><datafield ind1=" " ind2=" " tag="010"><subfield code="a">sn 94053334 </subfield></datafield><datafield ind1=" " ind2=" " tag="040"><subfield code="a">CNW</subfield><subfield code="b">eng</subfield><subfield code="c">CNW</subfield><subfield code="d">OCLCQ</subfield><subfield code="d">OCLCF</subfield><subfield code="d">OCLCO</subfield></datafield><datafield ind1="1" ind2=" " tag="029"><subfield code="a">AU@</subfield><subfield code="b">000011305608</subfield></datafield><datafield ind1=" " ind2=" " tag="042"><subfield code="a">msc</subfield></datafield><datafield ind1=" " ind2=" " tag="043"><subfield code="a">n-us-ct</subfield></datafield><datafield ind1="0" ind2=" " tag="130"><subfield code="a">Stalwart (Guilford, Conn.)</subfield></datafield><datafield ind1="1" ind2="4" tag="245"><subfield code="a">The stalwart.</subfield></datafield><datafield ind1="3" ind2="0" tag="246"><subfield code="a">Leete's Island daily stalwart</subfield></datafield><datafield ind1="1" ind2="3" tag="246"><subfield code="a">Leete's Island evening stalwart</subfield><subfield code="f">Mar. 17, 1882</subfield></datafield><datafield ind1="3" ind2="0" tag="246"><subfield code="a">Leete's Island Friday stalwart</subfield></datafield><datafield ind1=" " ind2=" " tag="260"><subfield code="a">Leete's Island [Guilford], Conn. :</subfield><subfield code="b">[s.n.]</subfield></datafield><datafield ind1=" " ind2=" " tag="300"><subfield code="a">v.</subfield></datafield><datafield ind1=" " ind2=" " tag="310"><subfield code="a">Weekly,</subfield><subfield code="b">Mar. 17, 1882-</subfield></datafield><datafield ind1=" " ind2=" " tag="321"><subfield code="a">Daily (except Fri.-Sun.),</subfield><subfield code="b">Mar. 1-8, 1882</subfield></datafield><datafield ind1="0" ind2=" " tag="362"><subfield code="a">Vol. 1, no. 1 (Mar. 1, 1882)-</subfield></datafield><datafield ind1=" " ind2=" " tag="500"><subfield code="a">Published as: Leete's Island daily stalwart, Mar. 2 and Mar. 7-8, 1882; Leete's Island Friday stalwart, Mar. 31, 1882.</subfield></datafield><datafield ind1=" " ind2=" " tag="500"><subfield code="a">Handwritten newspaper.</subfield></datafield><datafield ind1=" " ind2=" " tag="530"><subfield code="a">Also issued on microfilm from Connecticut State Library, Hartford, CT.</subfield></datafield><datafield ind1=" " ind2="0" tag="651"><subfield code="a">Guilford (Conn.)</subfield><subfield code="v">Newspapers.</subfield></datafield><datafield ind1=" " ind2="7" tag="655"><subfield code="a">Newspapers.</subfield><subfield code="2">fast</subfield><subfield code="0">(OCoLC)fst01423814</subfield></datafield><datafield ind1=" " ind2="7" tag="651"><subfield code="a">Connecticut</subfield><subfield code="z">Guilford.</subfield><subfield code="2">fast</subfield><subfield code="0">(OCoLC)fst01217215</subfield></datafield><datafield ind1=" " ind2=" " tag="752"><subfield code="a">United States</subfield><subfield code="b">Connecticut</subfield><subfield code="c">New Haven</subfield><subfield code="d">Guilford.</subfield></datafield></record>